<record><leader>00000cas a22000007a 4500</leader><controlfield tag="001">11145468</controlfield><controlfield tag="008">840912d18781941nhuwr ne      0    0eng  </controlfield><controlfield tag="009">466</controlfield><datafield ind1=" " ind2=" " tag="010"><subfield code="a">sn 84020568 </subfield></datafield><datafield ind1=" " ind2=" " tag="040"><subfield code="a">DLC</subfield><subfield code="b">eng</subfield><subfield code="c">DLC</subfield><subfield code="d">NVH</subfield><subfield code="d">MGN</subfield></datafield><datafield ind1=" " ind2=" " tag="042"><subfield code="a">msc</subfield></datafield><datafield ind1="0" ind2="0" tag="050"><subfield code="a">Newspaper 8701-X</subfield></datafield><datafield ind1="0" ind2=" " tag="130"><subfield code="a">Laconia Democrat (Laconia, N.H. : 1878)</subfield></datafield><datafield ind1="0" ind2="4" tag="245"><subfield code="a">The Laconia Democrat.</subfield></datafield><datafield ind1=" " ind2=" " tag="260"><subfield code="a">Laconia, N.H. :</subfield><subfield code="b">W.M. Kendall, Jr.,</subfield></datafield><datafield ind1=" " ind2=" " tag="300"><subfield code="a">v.</subfield></datafield><datafield ind1=" " ind2=" " tag="310"><subfield code="a">Weekly</subfield></datafield><datafield ind1="0" ind2=" " tag="362"><subfield code="a">Vol. 30, no. 1 (Jan. 4, 1878)-v. 93, no. 45 (Nov. 6, 1941).</subfield></datafield><datafield ind1=" " ind2=" " tag="580"><subfield code="a">Daily ed.: Evening Democrat (Laconia, N.H.), &lt;1883&gt;, and: Laconia evening citizen, 1933-1941.</subfield></datafield><datafield ind1=" " ind2=" " tag="752"><subfield code="a">United States</subfield><subfield code="b">New Hampshire</subfield><subfield code="c">Belknap</subfield><subfield code="d">Laconia.</subfield></datafield><datafield ind1="1" ind2=" " tag="775"><subfield code="t">Evening Democrat (Laconia, N.H.)</subfield><subfield code="w">(DLC)sn 93059269</subfield></datafield><datafield ind1="1" ind2=" " tag="775"><subfield code="t">Laconia evening citizen</subfield><subfield code="w">(DLC)sn 84020548</subfield></datafield><datafield ind1="0" ind2="0" tag="780"><subfield code="t">Democrat and news (Laconia, N.H.)</subfield><subfield code="w">(DLC)sn 84023785</subfield></datafield><datafield ind1="0" ind2="5" tag="780"><subfield code="t">Belknap tocsin</subfield><subfield code="w">(DLC)sn 90062259</subfield></datafield><datafield ind1="0" ind2="5" tag="780"><subfield code="t">Daily tocsin</subfield><subfield code="w">(DLC)sn 90062369</subfield></datafield><datafield ind1="0" ind2="5" tag="780"><subfield code="t">Pittsfield tribune</subfield></datafield></record>